
<marc:record><marc:leader>01192 am a2200289ua 4500</marc:leader>
<marc:controlfield tag="001">011930388</marc:controlfield>
<marc:controlfield tag="005">20091122233000.0</marc:controlfield><marc:controlfield tag="008">951117r19901989enka   ||     000 p|eng  </marc:controlfield><marc:datafield tag="019" ind1="1" ind2=" "><marc:subfield code="a">0140343652</marc:subfield></marc:datafield><marc:datafield tag="019" ind1="9" ind2=" "><marc:subfield code="a">0140343652</marc:subfield></marc:datafield><marc:datafield tag="019" ind1="y" ind2=" "><marc:subfield code="a">b9591285</marc:subfield></marc:datafield><marc:datafield tag="020" ind1=" " ind2=" "><marc:subfield code="a">0140343652 (pbk) :</marc:subfield><marc:subfield code="c">£3.99</marc:subfield></marc:datafield><marc:datafield tag="039" ind1="0" ind2=" "><marc:subfield code="a">2367</marc:subfield></marc:datafield><marc:datafield tag="082" ind1="0" ind2="4"><marc:subfield code="a">821.914</marc:subfield><marc:subfield code="2">20</marc:subfield></marc:datafield><marc:datafield tag="100" ind1="1" ind2=" "><marc:subfield code="a">Dahl, Roald.</marc:subfield><marc:subfield code="1">http://viaf.org/viaf/108159131</marc:subfield><marc:subfield code="4">http://rdaregistry.info/Elements/w/object/P10061</marc:subfield></marc:datafield><marc:datafield tag="240" ind1=" " ind2=" "><marc:subfield code="a">Rhyme stew</marc:subfield><marc:subfield code="1">http://viaf.org/viaf/9990161453851364330000</marc:subfield></marc:datafield><marc:datafield tag="245" ind1="1" ind2="0"><marc:subfield code="a">Rhyme stew /</marc:subfield><marc:subfield code="c">Roald Dahl ; illustrations by Quentin Blake.</marc:subfield></marc:datafield><marc:datafield tag="260" ind1=" " ind2=" "><marc:subfield code="a">London :</marc:subfield><marc:subfield code="b">Penguin,</marc:subfield><marc:subfield code="c">1990.</marc:subfield></marc:datafield><marc:datafield tag="300" ind1=" " ind2=" "><marc:subfield code="a">78p. :</marc:subfield><marc:subfield code="b">ill. ;</marc:subfield><marc:subfield code="c">20cm.</marc:subfield></marc:datafield><marc:datafield tag="336" ind1=" " ind2=" "><marc:subfield code="a">text</marc:subfield><marc:subfield code="2">rdacontent</marc:subfield></marc:datafield><marc:datafield tag="337" ind1=" " ind2=" "><marc:subfield code="a">unmediated</marc:subfield><marc:subfield code="2">rdamedia</marc:subfield></marc:datafield><marc:datafield tag="338" ind1=" " ind2=" "><marc:subfield code="a">volume</marc:subfield><marc:subfield code="2">rdacarrier</marc:subfield></marc:datafield><marc:datafield tag="336" ind1=" " ind2=" "><marc:subfield code="a">text</marc:subfield><marc:subfield code="2">rdacontent</marc:subfield><marc:subfield code="0">http://rdaregistry.info/termList/RDAContentType/1020</marc:subfield></marc:datafield><marc:datafield tag="337" ind1=" " ind2=" "><marc:subfield code="a">unmediated</marc:subfield><marc:subfield code="2">rdamedia</marc:subfield><marc:subfield code="0">http://rdaregistry.info/termList/RDAMediaType/1007</marc:subfield></marc:datafield><marc:datafield tag="338" ind1=" " ind2=" "><marc:subfield code="a">volume</marc:subfield><marc:subfield code="2">rdacarrier</marc:subfield><marc:subfield code="0">http://rdaregistry.info/termList/RDACarrierType/1049</marc:subfield></marc:datafield><marc:datafield tag="500" ind1=" " ind2=" "><marc:subfield code="a">Originally published .: London: Jonathan Cape, 1989.</marc:subfield></marc:datafield><marc:datafield tag="700" ind1="1" ind2=" "><marc:subfield code="a">Blake, Quentin.</marc:subfield><marc:subfield code="1">http://viaf.org/viaf/108680806</marc:subfield><marc:subfield code="4">http://rdaregistry.info/Elements/m/object/P30321</marc:subfield></marc:datafield></marc:record>