
<marc:record><marc:leader>01431nam a2200277 i 4500</marc:leader>
<marc:controlfield tag="001">019864736</marc:controlfield>
<marc:controlfield tag="003">Uk</marc:controlfield><marc:controlfield tag="005">20220321114706.0</marc:controlfield><marc:controlfield tag="008">200803s2020    enka   j     |0|0 0|eng  </marc:controlfield><marc:datafield tag="016" ind1="7" ind2=" "><marc:subfield code="a">019864736</marc:subfield><marc:subfield code="2">Uk</marc:subfield></marc:datafield><marc:datafield tag="020" ind1=" " ind2=" "><marc:subfield code="a">9780241368145</marc:subfield><marc:subfield code="q">paperback</marc:subfield></marc:datafield><marc:datafield tag="082" ind1="0" ind2="4"><marc:subfield code="a">428.24076</marc:subfield><marc:subfield code="2">23</marc:subfield></marc:datafield><marc:datafield tag="100" ind1="1" ind2=" "><marc:subfield code="a">Geatches, Hazel,</marc:subfield><marc:subfield code="e">author.</marc:subfield><marc:subfield code="1">http://viaf.org/viaf/118150747092316301386</marc:subfield></marc:datafield><marc:datafield tag="245" ind1="1" ind2="4"><marc:subfield code="a">The magic finger.</marc:subfield><marc:subfield code="p">Activity book /</marc:subfield><marc:subfield code="c">based on the original title by Roald Dahl ; illustrated by Quentin Blake ; written by Hazel Geatches ; song lyrics on page 16 by Wardour Studios.</marc:subfield></marc:datafield><marc:datafield tag="264" ind1=" " ind2="1"><marc:subfield code="a">London :</marc:subfield><marc:subfield code="b">Ladybird Books,</marc:subfield><marc:subfield code="c">2020.</marc:subfield></marc:datafield><marc:datafield tag="300" ind1=" " ind2=" "><marc:subfield code="a">16 pages :</marc:subfield><marc:subfield code="b">illustrations (colour) ;</marc:subfield><marc:subfield code="c">30 cm.</marc:subfield></marc:datafield><marc:datafield tag="336" ind1=" " ind2=" "><marc:subfield code="a">text</marc:subfield><marc:subfield code="2">rdacontent</marc:subfield></marc:datafield><marc:datafield tag="337" ind1=" " ind2=" "><marc:subfield code="a">unmediated</marc:subfield><marc:subfield code="2">rdamedia</marc:subfield></marc:datafield><marc:datafield tag="338" ind1=" " ind2=" "><marc:subfield code="a">volume</marc:subfield><marc:subfield code="2">rdacarrier</marc:subfield></marc:datafield><marc:datafield tag="490" ind1="1" ind2=" "><marc:subfield code="a">Ladybird readers. Level 4</marc:subfield></marc:datafield><marc:datafield tag="500" ind1=" " ind2=" "><marc:subfield code="a">&quot;This Activity Book accompanies the Reader. It provides practice of key language structures and vocabulary while developing a range of skills&quot;--Back cover.</marc:subfield></marc:datafield><marc:datafield tag="500" ind1=" " ind2=" "><marc:subfield code="a">&quot;To complete these activities, listen to tracks 2,3 and 4 of the Reader audio download available at www.ladybirdeducation.co.uk.&quot;</marc:subfield></marc:datafield><marc:datafield tag="700" ind1="1" ind2=" "><marc:subfield code="a">Blake, Quentin,</marc:subfield><marc:subfield code="e">illustrator.</marc:subfield><marc:subfield code="1">http://viaf.org/viaf/108680806</marc:subfield></marc:datafield><marc:datafield tag="700" ind1="1" ind2=" "><marc:subfield code="a">Dahl, Roald.</marc:subfield><marc:subfield code="t">Magic finger.</marc:subfield><marc:subfield code="1">http://viaf.org/viaf/108159131</marc:subfield></marc:datafield><marc:datafield tag="758" ind1="1" ind2=" "><marc:subfield code="i">Adapsjon av:</marc:subfield><marc:subfield code="a">The magic finger</marc:subfield><marc:subfield code="1">http://viaf.org/viaf/181846148</marc:subfield><marc:subfield code="4">http://rdaregistry.info/Elements/w/object/P10142</marc:subfield></marc:datafield><marc:datafield tag="830" ind1=" " ind2="0"><marc:subfield code="a">Ladybird readers.</marc:subfield><marc:subfield code="n">Level 4</marc:subfield></marc:datafield></marc:record>
</marc:collection>
